<collection xmlns="http://www.loc.gov/MARC21/slim"><record><leader>00648nam  2200205   450</leader><controlfield tag="001">164</controlfield><controlfield tag="003">http://montalegre.opacnet.com/OPAC/default.aspx?ContentAreaControl=ShowRegHoldings.ascx&amp;RegNo=16662</controlfield><controlfield tag="005">20</controlfield><datafield tag="100" ind1=" " ind2=" "><subfield code="a">19790601d1979    m  y0pora010305  ba</subfield></datafield><datafield tag="101" ind1="1" ind2=" "><subfield code="a">por</subfield></datafield><datafield tag="102" ind1=" " ind2=" "><subfield code="a">PT</subfield></datafield><datafield tag="200" ind1="1" ind2=" "><subfield code="a">Vêm aí os rostos pálidos</subfield><subfield code="f">William Camus</subfield><subfield code="g">trad. Helena Ramos</subfield></datafield><datafield tag="210" ind1=" " ind2=" "><subfield code="a">Lisboa</subfield><subfield code="c">Plátano</subfield><subfield code="d">imp. 1979</subfield></datafield><datafield tag="215" ind1=" " ind2=" "><subfield code="a">256, [3] p.</subfield><subfield code="c">il.</subfield><subfield code="d">21 cm</subfield></datafield><datafield tag="225" ind1="2" ind2=" "><subfield code="a">Plátano de Maio</subfield><subfield code="v">2</subfield></datafield><datafield tag="675" ind1=" " ind2=" "><subfield code="a">821</subfield><subfield code="v">BN</subfield><subfield code="z">por</subfield></datafield><datafield tag="700" ind1=" " ind2="1"><subfield code="a">Camus</subfield><subfield code="b">William</subfield></datafield><datafield tag="702" ind1=" " ind2="1"><subfield code="a">Ramos</subfield><subfield code="b">Helena</subfield><subfield code="4">730</subfield></datafield><datafield tag="801" ind1=" " ind2="0"><subfield code="a">PT</subfield><subfield code="b">Biblioteca Municipal de Montalegre</subfield><subfield code="g">RPC</subfield></datafield><datafield tag="856" ind1=" " ind2=" "><subfield code="u">locateMedia.asp?cod=20060509162601&amp;ext=jpg</subfield><subfield code="z">CAPA</subfield></datafield><datafield tag="909" ind1="&#9;" ind2=" "><subfield code="a">1</subfield></datafield><datafield tag="966" ind1=" " ind2=" "><subfield code="a">0008502</subfield><subfield code="l">BMM</subfield><subfield code="s">SCG 821 CAM vêm</subfield></datafield></record></collection>